
@article{Nagy-Roberts-2021,
author = {Ben Nagy and David Michael Roberts},
title = {(Re)constructing Code Loops},
journal = {The American Mathematical Monthly},
volume = {128},
number = {2},
pages = {151-161},
year = {2021},
publisher = {Taylor & Francis},
doi = {10.1080/00029890.2021.1852047},
URL = {https://doi.org/10.1080/00029890.2021.1852047},
eprint = {https://arxiv.org/abs/1903.02748}
}


