%% This BibTeX bibliography file was created using BibDesk.
%% http://bibdesk.sourceforge.net/


%% Created for David Roberts at 2020-01-22 15:06:34 +1030 


%% Saved with string encoding Unicode (UTF-8) 



@manual{RN_GH,
	Author = {{library authors}},
	Date-Added = {2020-01-22 14:37:30 +1030},
	Date-Modified = {2020-01-22 15:06:34 +1030},
	Title = {\texttt{codeloops} library},
	Url = {\url{https://adelaide.figshare.com/s/e1cf101636659583a124}},
	Year = {2019}}

@manual{LOOPS,
	Author = {G\'{a}bor Nagy and Petr Vojt\v{e}chovsk\'{y}},
	Date-Added = {2020-01-22 14:33:18 +1030},
	Date-Modified = {2020-01-22 15:04:09 +1030},
	Title = {{LOOPS -- a GAP package, Version 3.4.1}},
	Url = {\url{https://gap-packages.github.io/loops/}},
	Year = {2018}}

@manual{GAP4,
	Date-Added = {2020-01-22 14:19:06 +1030},
	Date-Modified = {2020-01-22 14:19:06 +1030},
	Key = {GAP},
	Organization = {The GAP~Group},
	Title = {{GAP -- Groups, Algorithms, and Programming, Version 4.10.2}},
	Url = {\url{https://www.gap-system.org}},
	Year = 2019,
	Bdsk-Url-1 = {https://www.gap-system.org}}

@article{CheinGoodaire,
	Author = {Chein, Orin and Goodaire, Edgar G.},
	Date-Added = {2020-01-22 14:15:56 +1030},
	Date-Modified = {2020-01-22 14:16:39 +1030},
	Doi = {10.1016/0021-8693(90)90087-5},
	Fjournal = {Journal of Algebra},
	Issn = {0021-8693},
	Journal = {J. Algebra},
	Mrclass = {20N05},
	Mrnumber = {1051308},
	Mrreviewer = {Lucien B\'{e}n\'{e}teau},
	Number = {2},
	Pages = {369--384},
	Title = {Moufang loops with a unique nonidentity commutator (associator, square)},
	Url = {https://doi.org/10.1016/0021-8693(90)90087-5},
	Volume = {130},
	Year = {1990},
	Bdsk-Url-1 = {https://doi.org/10.1016/0021-8693(90)90087-5}}

@article{Chein,
	Author = {Chein, Orin},
	Date-Added = {2020-01-22 14:15:51 +1030},
	Date-Modified = {2020-01-22 14:38:56 +1030},
	Doi = {10.2307/1996765},
	Fjournal = {Transactions of the American Mathematical Society},
	Issn = {0002-9947},
	Journal = {Trans. Amer. Math. Soc.},
	Mrclass = {20N05},
	Mrnumber = {330336},
	Mrreviewer = {D. A. Robinson},
	Pages = {31--51},
	Title = {Moufang loops of small order. {I}},
	Volume = {188},
	Year = {1974},
	Bdsk-Url-1 = {https://doi.org/10.2307/1996765}}

@article{OBrien_Vojtechovsky,
	Author = {O'Brien, E. A. and Vojt\v{e}chovsk\'{y}, Petr},
	Date-Added = {2020-01-22 14:15:32 +1030},
	Date-Modified = {2020-01-22 14:18:04 +1030},
	Doi = {10.1016/j.jalgebra.2016.11.006},
	Fjournal = {Journal of Algebra},
	Issn = {0021-8693},
	Journal = {J. Algebra},
	Mrclass = {20N05 (15A69 20B25 20B40)},
	Mrnumber = {3591164},
	Pages = {607--626},
	Title = {Code loops in dimension at most 8},
	Url = {https://doi.org/10.1016/j.jalgebra.2016.11.006},
	Volume = {473},
	Year = {2017},
	Bdsk-Url-1 = {https://doi.org/10.1016/j.jalgebra.2016.11.006}}

@article{Nagy,
	Author = {Nagy, G\'{a}bor P.},
	Date-Added = {2020-01-22 14:15:10 +1030},
	Date-Modified = {2020-01-22 14:18:13 +1030},
	Doi = {10.1016/j.disc.2007.09.056},
	Fjournal = {Discrete Mathematics},
	Issn = {0012-365X},
	Journal = {Discrete Math.},
	Mrclass = {20N05 (94A05)},
	Mrnumber = {2459358},
	Number = {23},
	Pages = {5349--5357},
	Title = {Direct construction of code loops},
	Url = {https://doi.org/10.1016/j.disc.2007.09.056},
	Volume = {308},
	Year = {2008},
	Bdsk-Url-1 = {https://doi.org/10.1016/j.disc.2007.09.056}}

@article{Morier-Genoud_Ovsienko,
	Author = {Morier-Genoud, Sophie and Ovsienko, Valentin},
	Date-Added = {2020-01-22 14:14:44 +1030},
	Date-Modified = {2020-01-22 14:17:30 +1030},
	Doi = {10.1007/s00220-011-1279-9},
	Fjournal = {Communications in Mathematical Physics},
	Issn = {0010-3616},
	Journal = {Comm. Math. Phys.},
	Mrclass = {17A99 (20N05)},
	Mrnumber = {2819420},
	Mrreviewer = {Rold\~{a}o da Rocha},
	Number = {1},
	Pages = {83--118},
	Title = {A series of algebras generalizing the octonions and {H}urwitz-{R}adon identity},
	Url = {https://doi.org/10.1007/s00220-011-1279-9},
	Volume = {306},
	Year = {2011},
	Bdsk-Url-1 = {https://doi.org/10.1007/s00220-011-1279-9}}

@article{Moufang,
	Author = {Moufang, Ruth},
	Date-Added = {2020-01-22 14:14:11 +1030},
	Date-Modified = {2020-01-22 14:17:51 +1030},
	Doi = {10.1007/BF01448037},
	Fjournal = {Mathematische Annalen},
	Issn = {0025-5831},
	Journal = {Math. Ann.},
	Mrclass = {DML},
	Mrnumber = {1512948},
	Number = {1},
	Pages = {416--430},
	Title = {Zur {S}truktur von {A}lternativk\"{o}rpern},
	Url = {https://doi.org/10.1007/BF01448037},
	Volume = {110},
	Year = {1935},
	Bdsk-Url-1 = {https://doi.org/10.1007/BF01448037}}

@phdthesis{Johnson,
	Author = {Johnson, Peter Malcolm},
	Date-Added = {2020-01-22 14:13:34 +1030},
	Date-Modified = {2020-01-22 14:42:54 +1030},
	Mrclass = {Thesis},
	Mrnumber = {2636765},
	Pages = {86},
	School = {University of Illinois at Chicago},
	Title = {Gamma spaces and loops of nilpotence class two},
	Url = {http://gateway.proquest.com/openurl?url_ver=Z39.88-2004&rft_val_fmt=info:ofi/fmt:kev:mtx:dissertation&res_dat=xri:pqdiss&rft_dat=xri:pqdiss:8827229},
	Year = {1988},
	Bdsk-Url-1 = {http://gateway.proquest.com/openurl?url_ver=Z39.88-2004&rft_val_fmt=info:ofi/fmt:kev:mtx:dissertation&res_dat=xri:pqdiss&rft_dat=xri:pqdiss:8827229}}

@article{Hsu,
	Author = {Hsu, Tim},
	Date-Added = {2020-01-22 14:13:07 +1030},
	Date-Modified = {2020-01-22 14:17:05 +1030},
	Doi = {10.1017/S030500419900403X},
	Fjournal = {Mathematical Proceedings of the Cambridge Philosophical Society},
	Issn = {0305-0041},
	Journal = {Math. Proc. Cambridge Philos. Soc.},
	Mrclass = {20N05 (94B60)},
	Mrnumber = {1735309},
	Mrreviewer = {Lucien B\'{e}n\'{e}teau},
	Number = {2},
	Pages = {223--232},
	Title = {Explicit constructions of code loops as centrally twisted products},
	Url = {https://doi.org/10.1017/S030500419900403X},
	Volume = {128},
	Year = {2000},
	Bdsk-Url-1 = {https://doi.org/10.1017/S030500419900403X}}

@article{Griess,
	Author = {Griess, Jr., Robert L.},
	Date-Added = {2020-01-22 14:12:23 +1030},
	Date-Modified = {2020-01-22 14:16:53 +1030},
	Doi = {10.1016/0021-8693(86)90075-X},
	Fjournal = {Journal of Algebra},
	Issn = {0021-8693},
	Journal = {J. Algebra},
	Mrclass = {20N05 (94B05)},
	Mrnumber = {839580},
	Mrreviewer = {Karl H. Robinson},
	Number = {1},
	Pages = {224--234},
	Title = {Code loops},
	Url = {https://doi.org/10.1016/0021-8693(86)90075-X},
	Volume = {100},
	Year = {1986},
	Bdsk-Url-1 = {https://doi.org/10.1016/0021-8693(86)90075-X}}

@book{SPLAG,
	Author = {Conway, J. H. and Sloane, N. J. A.},
	Date-Added = {2020-01-22 14:11:56 +1030},
	Date-Modified = {2020-01-22 14:41:49 +1030},
	Doi = {10.1007/978-1-4757-6568-7},
	Edition = {Third},
	Isbn = {0-387-98585-9},
	Mrclass = {11H31 (05B40 11H06 20D08 52C07 52C17 94B75 94C30)},
	Mrnumber = {1662447},
	Mrreviewer = {Renaud Coulangeon},
	Note = {With additional contributions by E. Bannai, R. E. Borcherds, J. Leech, S. P. Norton, A. M. Odlyzko, R. A. Parker, L. Queen and B. B. Venkov},
	Pages = {lxxiv+703},
	Publisher = {Springer-Verlag, New York},
	Series = {Grundlehren der Mathematischen Wissenschaften},
	Title = {Sphere packings, lattices and groups},
	Url = {https://doi.org/10.1007/978-1-4757-6568-7},
	Volume = {290},
	Year = {1999},
	Bdsk-Url-1 = {https://doi.org/10.1007/978-1-4757-6568-7}}

@article{Conway,
	Author = {Conway, J. H.},
	Date-Added = {2020-01-22 14:09:11 +1030},
	Date-Modified = {2020-01-22 14:16:27 +1030},
	Doi = {10.1007/BF01388521},
	Fjournal = {Inventiones Mathematicae},
	Issn = {0020-9910},
	Journal = {Invent. Math.},
	Mrclass = {20D08},
	Mrnumber = {782233},
	Mrreviewer = {Geoffrey Mason},
	Number = {3},
	Pages = {513--540},
	Title = {A simple construction for the {F}ischer-{G}riess monster group},
	Url = {https://doi.org/10.1007/BF01388521},
	Volume = {79},
	Year = {1985}}
